@misc{prologin.www,
  title =        {Prologin Home Page},
  author =       {Equipe Prologin},
  year =	 {2006},
  note =         {\url{http://www.prologin.org/}}
}
