@misc{tbt.www,
  title =        {TowBowlTactics Home Page},
  author =       {TBT Team},
  year =	 {2006},
  note =         {\url{http://www.towbowltactics.com/}}
}

@misc{rudebowl.www,
  title =        {RudeBowl Home Page},
  author =       {RudeBowl Team},
  year =	 {2005},
  note =         {\url{http://membres.lycos.fr/rudebowl/}}
}

@misc{3dbowl.www,
  title =        {3DBowl Home Page},
  author =       {GF Soft},
  year =	 {2005},
  note =         {\url{http://gf-soft.net/index.php?dir=inicio&lang=en}}
}

@misc{pybloodbowl.www,
  title =        {3DBowl Home Page},
  author =       {Tokiros},
  year =	 {2005},
  note =         {\url{http://www.tokiros.org/pyBloodBowl/index.php/2005/04/24/1-first-post}}
}

@misc{javabb.www,
  title =        {3DBowl Home Page},
  author =       {SkiJunkie},
  year =	 {2006},
  note =         {\url{http://home.austin.rr.com/javabbowl/index.html}}
}

@misc{xercesc.www,
  title =        {Xerces C++ Home Page},
  author =       {Apache projects},
  year =	 {2006},
  note =         {\url{http://xml.apache.org/xerces-c/}}
}


@misc{forty-two,
  title =        {The answer to Life, the Universe, and Everything},
  author =       {Wikipedia},
  year =	 {2006},
  note =         {\url{http://en.wikipedia.org/wiki/The_Answer_to_Life,_the_Universe,_and_Everything}}
}

